<?xml version="1.0" encoding="UTF-8"?><collection><record><leader>08723ntm a2200589 a 4500</leader><controlfield tag="001">006786597</controlfield><controlfield tag="003">MiAaHDL</controlfield><controlfield tag="005">20190719000000.0</controlfield><controlfield tag="006">m        d        </controlfield><controlfield tag="007">cr bn ---auaua</controlfield><controlfield tag="008">090519s1719    xx            00| ||ara d</controlfield><datafield tag="035" ind1=" " ind2=" "><subfield code="a">(MiU)006786597</subfield></datafield><datafield tag="035" ind1=" " ind2=" "><subfield code="a">sdr-miu006786597</subfield></datafield><datafield tag="040" ind1=" " ind2=" "><subfield code="a">MiU</subfield><subfield code="c">MiU</subfield><subfield code="e">amremm</subfield></datafield><datafield tag="043" ind1=" " ind2=" "><subfield code="a">n-us-mi</subfield><subfield code="a">ff-----</subfield><subfield code="a">aw-----</subfield><subfield code="a">e-sp---</subfield></datafield><datafield tag="100" ind1="1" ind2=" "><subfield code="6">880-01</subfield><subfield code="a">Ibn ʻAllān, Muḥammad ʻAlī ibn Muḥammad,</subfield><subfield code="d">1588-1648.</subfield></datafield><datafield tag="240" ind1="1" ind2="0"><subfield code="6">880-02</subfield><subfield code="a">Futuḥāt al-rabbānīyah.</subfield><subfield code="n">juzʼ 2</subfield></datafield><datafield tag="245" ind1="1" ind2="3"><subfield code="6">880-03</subfield><subfield code="a">[al-Juzʼ al-thānī min al-Futūḥāt al-rabbānīyah ʻalá al-Adhkār al-Nawawīyah,</subfield><subfield code="f">1132, i.e. 1719].</subfield></datafield><datafield tag="246" ind1="3" ind2=" "><subfield code="6">880-04</subfield><subfield code="i">Title from inscription on front flyleaf:</subfield><subfield code="a">Sharḥ al-Adhkār al-juzʼ al-thānī</subfield></datafield><datafield tag="260" ind1=" " ind2=" "><subfield code="c">[1719].</subfield></datafield><datafield tag="300" ind1=" " ind2=" "><subfield code="a">305 leaves :</subfield><subfield code="b">paper ;</subfield><subfield code="c">303 x 190 (225 x 130) mm. bound to 297 x 210 mm.</subfield></datafield><datafield tag="500" ind1=" " ind2=" "><subfield code="a">Shelfmark: Ann Arbor, University of Michigan, Special Collections Library, Isl. Ms. 532 v.2</subfield></datafield><datafield tag="500" ind1=" " ind2=" "><subfield code="a">Origin: As appears in authorial colophon on fol.305a-305b, composition finished ("kāna intahá tasṭīruh...") in the afternoon of Thursday, 29 Jumādá I 1003 [ca. 9 February 1595]. As appears in scribal colophon on fol.305b, copied by ʻAlī ibn al-Shaykh ʻAlī ibn al-Shaykh Ḥasan ibn al-Shaykh ʻAlī ibn al-Shaykh ʻUmar al-ʻAmmūrī [ʻUmūrī] al-Mālikī al-Azharī. Copying finished ("wa-kāna al-farāgh min hādhihi al-nuskhah al-sharīfah...") Sunday into Monday, 10th of Ṣafar 1132 [ca. 23 December 1719].</subfield></datafield><datafield tag="500" ind1=" " ind2=" "><subfield code="a">Accompanying materials: a. Inventory cataloguing slip in hand of Winifred Smeaton Thomas. -- b. Acquisitions slip from Yahuda.</subfield></datafield><datafield tag="500" ind1=" " ind2=" "><subfield code="a">Former shelfmark: From inscription on inner front cover and label on foreedge flap "IL 174" (likely supplied by Yahuda, see acquisitions slip).</subfield></datafield><datafield tag="500" ind1=" " ind2=" "><subfield code="a">Binding: Pasteboard covered in dark brown leather, with light brown leather and red goatskin used for repairs ; Type II binding (with flap) ; board linings and interior of envelope flap in pink laid paper ; interior of fore edge flap in light brown leather ; upper and lower covers carry large blind-tooled (with leather onlays) central mandorla (compare Déroche class. OAi 4) ; smaller, rounder blind-tooled panel appears on envelope flap (compare Déroche class. OAi2 2) ; in fair condition.</subfield></datafield><datafield tag="500" ind1=" " ind2=" "><subfield code="a">Support: European laid paper ; very clear single chain lines, running vertically and evently spaced 24 mm. apart ; laid lines running horizontally and spaced roughly 10 laid lines per cm ; paper used in repair of fol.1 bears embossed mark ('imitation watermark') ; some ink burn.</subfield></datafield><datafield tag="500" ind1=" " ind2=" "><subfield code="a">Decoration: Illuminated headpiece (ʻunwān) accompanies opening on fol.1b, nearly identical to that found in first volume (Isl. Ms. 532 v.1) but more expertly drawn and painted ; consists of rectangular panel containing an empty cartouche in gold flanked by angular vegetal accents in red, gold, and blue; rectangular panel is surmounted by well with semi-circular piece (effectively dome within dome) evoking the miḥrāb filled with vegetal design in gold, blue, and red, outlining in black ; gold rule-border on incipit and facing page (misplaced and found after fol.8 (p.16), with red rule-borders throughout thereafter ; occasional textual dividers in the form of red discs and three dots ; keywords such as "قوله", notabilia, and section headings rubricated ; overlining in red.</subfield></datafield><datafield tag="500" ind1=" " ind2=" "><subfield code="a">Script: Naskh ; clear, compact Egyptian hand ; seriffed with small right-sloping serifs on free standing alif, lām, ṭāʼ, etc., curvilinear though somewhat flattened descenders, pointing mainly in distinct dots, kāf mashqūqah preferred (even final kāf) ; same hand appears in first volume.</subfield></datafield><datafield tag="500" ind1=" " ind2=" "><subfield code="a">Layout: Written in 39 lines per page ; mainly single column, though occasionally in two columns where poetry is transcribed ; frame-ruled.</subfield></datafield><datafield tag="500" ind1=" " ind2=" "><subfield code="a">Collation: ii, 30 V (300), II+1 (305) ; quinions followed by binion with added leaf ; leaf foliated ۳۰۰ (note gold rule-border) should follow the incipit page but has been mistakenly inserted after fol.8 (p.16) ; final flyleaf likely removed to serve as pastedown in the rebind of the first volume (see Isl. Ms. 532 v.1) ; location of lacunae in the exemplar (model) are marked "بياض بالاصل" or "بياض بالاصل هنا" or the interesting logograph "بض بص" in the margin (see fol.79a, 196a, 200a, 213b, 216b, etc.) though a gap in the text is not always left, a bāʼ hindīyah serves as a signes-de-renvoi to mark where the gap had appeared in the exemplar ; quire numbering in red ink in the form of full words through quire 19, thereafter in the form of Hindu-Arabic numerals surmounted by the letter kāf (compare quire numbering of first volume) ; catchwords present ; foliation in black ink, Hindu-Arabic numerals, begins with "۳۰۰", continuing the foliation of the first volume ; pagination in pencil, Western numerals (referenced in cataloguing).</subfield></datafield><datafield tag="500" ind1=" " ind2=" "><subfield code="a">Colophon: "Authorial," rectangular followed by "scribal," triangular, reads: "وهذا اخر ما قصدناه وتوجيناه من التعليق على الاذكار النووية ... قال مولفه ... كان انتهى تسطيره بعد ظهر يوم الخميس التاسع والعشرون من جمادى الاولى سنة ثلاث والف. وكان الفراغ من هذه النسخة الشريفة يوم الاحد المبارك مع ليلة الاثنين الموافق لعاشر شهر صفر الخير سنة اثنين وثلاثين ومائة والف على يد كاتبها افرق العباد واحوجهم الى رب الارباب علي بن الشيخ علي ابن الشيخ حسن بن الشيخ علي بن الشيخ عمر العموري المالكي مذهبا الازهري غفر الله له ولوالديه ولجميع المسلمين امين وسلام على المرسلين والحمد لله رب العالمين والحمد لله وحده ان تجد عيبا فسد الخللا جل من لا فيه عيب وعلا وحسبنا الله ونعم الوكيل"</subfield></datafield><datafield tag="500" ind1=" " ind2=" "><subfield code="a">Explicit: "وخلاف مقتضى صحة هذه الاجازة واي فائدة اذا لم يروها انتهى قلت وقد اجاز لذلك [كذا] ابن حجر الهيتمي في اخرين"</subfield></datafield><datafield tag="500" ind1=" " ind2=" "><subfield code="a">Incipit: "وبه ثقتي كتاب الاذكار في صلوات مخصوصة باب الاذكار المستحبة يوم الجمعة و ليلتها والدعا قوله"</subfield></datafield><datafield tag="500" ind1=" " ind2=" "><subfield code="a">Title supplied by cataloguer.</subfield></datafield><datafield tag="500" ind1=" " ind2=" "><subfield code="a">Ms. codex.</subfield></datafield><datafield tag="510" ind1="4" ind2=" "><subfield code="a">Hajji Khalifah. Kashf al-ẓunūn,</subfield><subfield code="c">iii 109, no.4620.</subfield></datafield><datafield tag="510" ind1="4" ind2=" "><subfield code="a">Brockelmann, C. GAL,</subfield><subfield code="c">I, 397, no.XIX.</subfield></datafield><datafield tag="520" ind1="8" ind2=" "><subfield code="a">Second volume of Ibn ʻAllān's commentary on Ḥilyat al-abrār wa shiʻār al-akhyār, or al-Adhkār al-Nawawīyah, a work of prayers compiled from traditions by Muḥyī al-Dīn Abū Zakarīyā Yaḥyá ibn Sharaf al-Nawawī (d. 676/1277).</subfield></datafield><datafield tag="538" ind1=" " ind2=" "><subfield code="a">Mode of access: Internet.</subfield></datafield><datafield tag="541" ind1=" " ind2=" "><subfield code="a">Acquired in 1926 from the bookseller Isaac Benjamin S.E. Yahuda via purchase transacted on his behalf by Abraham Shalom Yahuda (1877-1951), his younger brother.</subfield></datafield><datafield tag="546" ind1=" " ind2=" "><subfield code="a">Arabic.</subfield></datafield><datafield tag="561" ind1=" " ind2=" "><subfield code="a">Apart from oval inspection stamp for the port of Tripoli (Lebanon) in purple ink dated 1313 [1895 or 6] with inscription in Ottoman Turkish reading "معاينة اولنمشدر طرابلس شام ١٣١٣" on front flyleaf, this volume is lacking former owners' marks ; however, given that the two volumes were copied together and that the mark on the front flyleaf also appears in the first volume, other ownership marks appearing in the first volume should be considered ; a few marginal corrections identifying variants, clarifying cacographic errors, etc. ; notabilia in red ; occasional glosses.</subfield></datafield><datafield tag="600" ind1="0" ind2="0"><subfield code="a">Nawawī,</subfield><subfield code="d">1233-1277.</subfield><subfield code="t">Adhkār.</subfield></datafield><datafield tag="650" ind1=" " ind2="0"><subfield code="a">Manuscripts, Arabic</subfield><subfield code="z">Michigan</subfield><subfield code="z">Ann Arbor.</subfield></datafield><datafield tag="650" ind1=" " ind2="0"><subfield code="a">Hadith</subfield><subfield code="x">Criticism, interpretation, etc.</subfield><subfield code="v">Early works to 1800.</subfield></datafield><datafield tag="650" ind1=" " ind2="0"><subfield code="a">Islam</subfield><subfield code="v">Prayers and devotions</subfield><subfield code="v">Early works to 1800.</subfield></datafield><datafield tag="655" ind1=" " ind2="7"><subfield code="a">Headpieces (layout features)</subfield><subfield code="z">Islamic empire</subfield><subfield code="y">18th century.</subfield><subfield code="2">aat</subfield></datafield><datafield tag="700" ind1="0" ind2=" "><subfield code="6">880-07</subfield><subfield code="a">ʻAlī ibn al-Shaykh ʻAlī al-ʻAmmūrī,</subfield><subfield code="d">fl. 1719.</subfield><subfield code="e">scribe.</subfield></datafield><datafield tag="773" ind1="0" ind2=" "><subfield code="a">Yahuda Collection.</subfield></datafield><datafield tag="880" ind1="0" ind2=" "><subfield code="6">700-07/</subfield><subfield code="a">علي بن الشيخ علي العموري.</subfield><subfield code="e">ناسخ.</subfield></datafield><datafield tag="880" ind1="3" ind2=" "><subfield code="6">246-04/</subfield><subfield code="a">شرح الاذكار الجزء الثاني</subfield></datafield><datafield tag="880" ind1="1" ind2="2"><subfield code="6">245-03/</subfield><subfield code="a">[الجزء الثاني من الفتوحات الربانية على الاذكار النووية,</subfield><subfield code="f">1132ه, 1719م].</subfield></datafield><datafield tag="880" ind1="1" ind2="0"><subfield code="6">240-02/</subfield><subfield code="a">فتوحات الربانية.</subfield><subfield code="n">جزء 2</subfield></datafield><datafield tag="880" ind1="1" ind2=" "><subfield code="6">100-01/</subfield><subfield code="a">ابن علان، محمد علي بن محمد.</subfield></datafield><datafield tag="CID" ind1=" " ind2=" "><subfield code="a">006786597</subfield></datafield><datafield tag="DAT" ind1="0" ind2=" "><subfield code="a">20190719102635.0</subfield><subfield code="b">20190719000000.0</subfield></datafield><datafield tag="DAT" ind1="1" ind2=" "><subfield code="a">20190719090653.0</subfield><subfield code="b">2019-07-19T16:11:29Z</subfield></datafield><datafield tag="DAT" ind1="2" ind2=" "><subfield code="a">2015-10-02T18:00:03Z</subfield></datafield><datafield tag="CAT" ind1=" " ind2=" "><subfield code="a">SDR-MIU</subfield><subfield code="d">EX LIBRIS - ALEPH</subfield><subfield code="l">prepare.pl-004-008</subfield></datafield><datafield tag="FMT" ind1=" " ind2=" "><subfield code="a">BK</subfield></datafield><datafield tag="HOL" ind1=" " ind2=" "><subfield code="0">sdr-miu006786597</subfield><subfield code="a">MiU</subfield><subfield code="b">SDR</subfield><subfield code="c">MIU</subfield><subfield code="p">mdp.39015079126416</subfield><subfield code="s">MIU</subfield><subfield code="1">006786597</subfield></datafield><datafield tag="974" ind1=" " ind2=" "><subfield code="b">MIU</subfield><subfield code="c">MIU</subfield><subfield code="d">20190719</subfield><subfield code="s">lit-dlps-dc</subfield><subfield code="u">mdp.39015079126416</subfield><subfield code="y">1719</subfield><subfield code="r">pd</subfield><subfield code="q">bib</subfield><subfield code="t">non-US bib date1 &lt; 1879</subfield></datafield></record></collection>